<record xmlns="http://www.loc.gov/MARC21/slim" xmlns:xsi="http://www.w3.org/2001/XMLSchema-instance" xsi:schemaLocation="http://www.loc.gov/MARC21/slim http://www.loc.gov/standards/marcxml/schema/MARC21slim.xsd"><leader>     nam a22        4500</leader><controlfield tag="001">3071195</controlfield><controlfield tag="003">NNC</controlfield><controlfield tag="006">m        d        </controlfield><controlfield tag="007">cr cn |||m|||a</controlfield><controlfield tag="008">150313s1950    ua      ob    000 0 ara d</controlfield><datafield ind1=" " ind2=" " tag="040"><subfield code="a">NNU</subfield><subfield code="b">eng</subfield><subfield code="e">rda</subfield><subfield code="c">NNU</subfield></datafield><datafield ind1="0" ind2=" " tag="041"><subfield code="a">ara</subfield><subfield code="a">fre</subfield></datafield><datafield ind1="1" ind2="4" tag="050"><subfield code="a">Z8048.77</subfield><subfield code="b">.A55 1950</subfield></datafield><datafield ind1=" " ind2="4" tag="082"><subfield code="a">189.308</subfield><subfield code="b">A957, A4, A535</subfield></datafield><datafield ind1="1" ind2=" " tag="100"><subfield code="a">Anawati, Georges C.,</subfield><subfield code="d">1905-1994.</subfield></datafield><datafield ind1="1" ind2="0" tag="245"><subfield code="a">Essai de bibliographie avicennienne /</subfield><subfield code="c">par G.C. Anawati ; avant-propos de Ahmed Bey Amin ; pre&#769;face de Ibrahim Bey Madkour.</subfield></datafield><datafield ind1="3" ind2=" " tag="246"><subfield code="a">Mu&#700;alafa&#772;t Ibn Si&#772;na&#772;</subfield></datafield><datafield ind1=" " ind2=" " tag="260"><subfield code="a">Le Caire :</subfield><subfield code="b">Al-Maaref,</subfield><subfield code="c">1950.</subfield></datafield><datafield ind1=" " ind2=" " tag="300"><subfield code="a">online resource (20, 435, 31 pages)</subfield></datafield><datafield ind1=" " ind2=" " tag="336"><subfield code="a">text</subfield><subfield code="2">rdacontent</subfield></datafield><datafield ind1=" " ind2=" " tag="337"><subfield code="a">computer</subfield><subfield code="2">rdamedia</subfield></datafield><datafield ind1=" " ind2=" " tag="338"><subfield code="a">online resource</subfield><subfield code="2">rdacarrier</subfield></datafield><datafield ind1=" " ind2=" " tag="500"><subfield code="a">First 20 p. and p. 334-351 in French, remainder in Arabic.</subfield></datafield><datafield ind1=" " ind2=" " tag="500"><subfield code="a">Title on added t.p. in Arabic: Mu&#700;alafa&#772;t Ibn Si&#772;na&#772;.</subfield></datafield><datafield ind1=" " ind2=" " tag="500"><subfield code="a">At head of title: Ligue Arabe -- Direction culturelle.</subfield></datafield><datafield ind1=" " ind2=" " tag="500"><subfield code="a">"Mille&#769;naire d'Avicenne."</subfield></datafield><datafield ind1=" " ind2=" " tag="500"><subfield code="a">Part of the Arabic Collections Online (ACO) project, contributed by Columbia University Libraries.</subfield></datafield><datafield ind1=" " ind2=" " tag="533"><subfield code="a">Electronic reproduction.</subfield><subfield code="b">New York, N.Y. :</subfield><subfield code="c">New York University,</subfield><subfield code="d">2015.</subfield><subfield code="5">NNU</subfield></datafield><datafield ind1="0" ind2="0" tag="600"><subfield code="a">Avicenna,</subfield><subfield code="d">980-1037</subfield><subfield code="v">Bibliography.</subfield></datafield><datafield ind1="0" ind2="7" tag="600"><subfield code="a">Avicenna,</subfield><subfield code="d">980-1037.</subfield><subfield code="2">fast</subfield><subfield code="0">(OCoLC)fst00048418</subfield></datafield><datafield ind1=" " ind2="7" tag="655"><subfield code="a">Bibliography.</subfield><subfield code="2">fast</subfield><subfield code="0">(OCoLC)fst01423717</subfield></datafield><datafield ind1="2" ind2=" " tag="710"><subfield code="a">League of Arab States.</subfield></datafield><datafield ind1="2" ind2=" " tag="710"><subfield code="a">Columbia University.</subfield><subfield code="b">Libraries.</subfield></datafield><datafield ind1="0" ind2=" " tag="730"><subfield code="a">Arabic Collections Online.</subfield></datafield><datafield ind1="0" ind2="8" tag="776"><subfield code="i">Print version:</subfield><subfield code="a">Anawati, Georges C., 1905-1994.</subfield><subfield code="t">Essai de bibliographie avicennienne</subfield><subfield code="w">(NNC)3071195</subfield><subfield code="w">(OCoLC)7904541</subfield></datafield><datafield ind1="4" ind2="0" tag="856"><subfield code="u">http://hdl.handle.net/2333.1/3tx960jp</subfield></datafield><datafield ind1=" " ind2=" " tag="959"><subfield code="a">NNU</subfield><subfield code="b">WEB</subfield><subfield code="c">GENI</subfield><subfield code="t">0</subfield><subfield code="m">Electronic access</subfield><subfield code="s">01</subfield></datafield><datafield ind1=" " ind2=" " tag="999"><subfield code="i">NNC_3071195</subfield><subfield code="o">(OCoLC)ocm07904541 </subfield><subfield code="s">columbia_aco000404</subfield><subfield code="e">(ERROR-880)</subfield></datafield></record>